
@online{wagner_is_2019,
	title = {Is {AES}-256 Quantum Resistant?},
	url = {https://medium.com/@wagslane/is-aes-256-quantum-resistant-d3f776163672},
	abstract = {With quantum computers getting more powerful every year, many worry about the safety of modern encryption standards. As quantum computersâ€¦},
	titleaddon = {Medium},
	author = {Wagner, Lane},
	urldate = {2020-11-17},
	date = {2019-07-09},
	langid = {english},
}

@video{qutech_academy_grovers_2018,
	title = {Grover's algorithm {\textbar} {QuTech} Academy},
	url = {https://www.youtube.com/watch?v=IT-O-KSWlaE},
	abstract = {Video: Grover's algorithm

Do you want to learn more about the building blocks of a Quantum Computer? View the complete course at: https://www.edx.org/course/the-buildi...

More courses at http://qutech.nl/edu/},
	author = {{QuTech Academy}},
	urldate = {2020-11-17},
	date = {2018-12-09}
}

@misc{national_institute_of_standards_andtechnology_announcing_2001,
	title = {Announcing Draft Federal Information Processing Standard ({FIPS}) for the Advanced Encryption Standard ({AES}) and Request for Comments},
	url = {https://www.govinfo.gov/content/pkg/FR-2001-02-28/pdf/01-4886.pdf},
	author = {National Institute of Standards {and Technology}, Department of Commerce},
	urldate = {2020-11-17},
	date = {2001-02-28},
}

@misc{national_institute_of_standards_andtechnology_announcing_1997,
	title = {Announcing Development of a Federal Information Processing Standard for Advanced Encryption Standard},
	url = {https://www.govinfo.gov/content/pkg/FR-1997-01-02/pdf/96-32494.pdf},
	author = {National Institute of Standards {and Technology}, Department of Commerce},
	urldate = {2020-11-17},
	date = {1997-01-02},
}

@misc{green_2018,
    title = {Hash-based Signatures: An illustrated Primer},
    url = {https://blog.cryptographyengineering.com/2018/04/07/hash-based-signatures-an-illustrated-primer/},
    journal = {A Few Thoughts on Cryptographic Engineering},
    author = {Green, Mattew},
    date = {2018-04-07},
    urldate = {2020-11-19}
}

@misc{minaud_2018,
    title = {Code-based, Multivariate and Hash-based Cryptography},
    url = {https://www.di.ens.fr/~bminaud/slides/Qhub-2018.pdf},
    author= {Minaud, Brice},
    date = {2018-03-27},
    urldate = {2020-11-19}
}